<?xml version="1.0" encoding="UTF-8"?><collection xmlns="http://www.loc.gov/MARC21/slim"><record><leader>00520nam--2200181-i-4500</leader><controlfield tag="001">000046785</controlfield><controlfield tag="002">20161230</controlfield><controlfield tag="005">20161230201046</controlfield><controlfield tag="008">060222s1000------------r-----000-0-eng-d</controlfield><datafield ind1=" " ind2=" " tag="040"><subfield code="a">IFIN-HH</subfield></datafield><datafield ind1=" " ind2=" " tag="080"><subfield code="a">538.56</subfield></datafield><datafield ind1="1" ind2=" " tag="100"><subfield code="a">Waldron, R.A</subfield></datafield><datafield ind1="1" ind2="0" tag="245"><subfield code="a">Theory of guided electromagnetic waves</subfield><subfield code="c">R.a. wladron</subfield></datafield><datafield ind1=" " ind2=" " tag="260"><subfield code="a">London</subfield><subfield code="b">Van Nostrand Reinhold Company</subfield><subfield code="c">1969</subfield></datafield><datafield ind1=" " ind2=" " tag="300"><subfield code="a">XVI+518P</subfield></datafield><datafield ind1=" " ind2=" " tag="490"><subfield code="a">The Marconi Series Covering Advances In Radio And Radar</subfield></datafield><datafield ind1=" " ind2=" " tag="852"><subfield code="a">32614</subfield><subfield code="c">537:538</subfield></datafield><datafield ind1=" " ind2=" " tag="CAT"><subfield code="a">Sys</subfield><subfield code="c">20110616</subfield><subfield code="h">123956</subfield></datafield></record></collection>